4922 5964
540 761 553 820 l
577 753 668 820 Orior
766 827 768 834 ,

537 856 556 917 2
579 851 725 916 Paludati

536 954 555 1018 3
578 951 656 1015 Pars
678 949 790 1028 antica,
814 947 944 1030 postica,
969 946 1088 1028 dextro,
1112 947 1239 1014 sinistra

405 1127 409 1136 ⁸
536 1054 556 1114 4
578 1049 755 1115 Ρ51115115111

536 1153 555 1215 5
578 1147 731 1226 Precatio,
756 1183 793 1194 -
816 1147 952 1211 maxima

538 1253 557 1314 6
580 1246 764 1312 Provocatio
795 1329 798 1338 .

538 1351 556 1412 7
579 1345 654 1410 Puls

537 1447 556 1511 8
577 1445 715 1522 Reuouo,
737 1447 845 1524 repeto
867 1441 1010 1523 55551515

541 1732 553 1792 1
579 1725 687 1791 Velins
709 1723 835 1805 Longus
859 1726 901 1804 (p.
924 1723 1006 1787 2234
1027 1721 1075 1801 Ρ.)
1098 1721 1179 1788 01111
1192 1723 1276 1805 apud
1287 1724 1432 1807 antiquos
1454 1745 1583 1810 surgere
1594 1727 1772 1810 frequenter
1784 1725 1989 1809 significabat,
2012 1727 2048 1787 ut
2070 1727 2211 1806 apparet,

376 1832 419 1896 in
441 1847 486 1910 eo,
510 1826 593 1909 quod
617 1823 744 1889 dicitur:
768 1821 876 1888 consul
898 1821 1001 1886 oriens
1023 1822 1207 1903 magistrum
1228 1822 1334 1904 populi
1357 1823 1451 1890 dicat.
1493 1825 1560 1891 Liu.
1582 1825 1660 1892 VIII
1683 1827 1732 1891 23.
1780 1825 1881 1902 Quum
1903 1823 2012 1890 consul
2042 1823 2146 1887 oriens
2173 1821 2213 1887 de

378 1935 478 1996 ¹nocte
500 1923 622 1990 silentio
645 1921 764 1987 diceret
785 1919 978 1986 dictatorem.
1021 1919 1105 1984 Fest.
1128 1923 1198 1985 241.
1242 1921 1270 1984 A
1293 1921 1359 1986 5515
1380 1923 1500 1990 5115515
1521 1925 1669 2007 auspiciis
1692 1943 1818 2006 operam
1842 1924 1924 1990 dare.

539 2023 663 2087 21551.
686 2021 757 2085 253.
800 2017 945 2083 Paludeti
966 2017 997 2082 in
1019 2017 1107 2083 libris
1129 2019 1332 2102 auguralibus
1354 2019 1518 2104 significat,
1543 2028 1579 2089 ut
1600 2024 1645 2088 ait
1656 2022 1819 2102 Veranius
1843 2022 1965 2101 armati,
1979 2020 2091 2086 ornati.
2109 2019 2214 2084 omnia

378 2126 470 2192 enim
492 2121 640 2188 militaria
662 2122 845 2184 ornamenta
865 2116 1088 2198 paludamenta
1116 2117 1186 2182 dici.
1229 2117 1296 2181 Liv.
1320 2115 1350 2182 X
1371 2119 1413 2185 40
1431 2121 1515 2186 acies
1537 2127 1913 2202 515515515515555-
1935 2121 1978 2189 id.
1999 2117 2122 2184 XXVII
2145 2119 2192 2182 13.

537 2219 639 2286 Sebol.
662 2219 776 2283 Veron.
799 2217 839 2282 ad
861 2218 938 2280 Aen.
963 2215 993 2280 X
1015 2218 1086 2280 241.
1111 2217 1172 2296 (ed.
1195 2217 1235 2282 H.
1257 2217 1340 2298 Keil)
1363 2253 1404 2264 -
1427 2220 1550 2286 silentio
1578 2218 1692 2285 deinde
1712 2220 1797 2286 15515
1825 2219 1986 2285 residebat
2016 2219 2211 2300 (imperator)

376 2329 420 2388 51
441 2319 579 2386 dicebat:
603 2317 723 2399 equites
746 2323 778 2381 et
798 2314 920 2397 pedites
941 2315 1289 2401 nomenqueLatilnum
1312 2366 1318 2380 .
1343 2365 1350 2380 .
1375 2365 1382 2381 .
1402 2317 1449 2383 155
1471 2319 1564 2384 cincti
1575 2319 1687 2383 armati
1710 2318 1852 2400 paludati
1875 2368 1882 2384 .
1906 2369 1914 2383 .
1938 2370 1945 2384 .
1969 2315 2147 2404 [quotquot
2160 2315 2213 2402 ad]

376 2422 473 2501 estis,
498 2419 589 2486 sicuti
612 2415 782 2498 tripudium
804 2414 982 2480 sinisterum
1005 2413 1192 2480 solistimum
1214 2416 1354 2499 quisquis
1374 2423 1513 2483 vestrum
1530 2417 1645 2484 uiderit
1665 2417 1818 2482 nuntiato.

541 2519 611 2584 31.
632 2514 802 2596 Templum.

540 2619 561 2679 4
584 2613 704 2679 Gellius
725 2612 804 2677 XIII
828 2615 875 2676 14.
923 2611 1099 2676 Pomeriom
1121 2613 1197 2694 quid
1219 2621 1316 2694 esset,
1350 2633 1484 2696 augures
1505 2615 1612 2696 populi
1633 2615 1780 2696 Romani,
1812 2614 1865 2698 qui
1887 2613 1983 2679 libros
2005 2613 2044 2678 de
2067 2611 2215 2694 auspiciis

387 2719 593 2800 scripserunt,
616 2711 707 2777 istius
729 2711 813 2776 modi
836 2709 992 2775 sententia
1013 2709 1212 2776 definierunt:
1242 2712 1420 2778 Pomerium
1442 2717 1491 2778 est
1511 2713 1598 2779 locus
1627 2715 1708 2779 intra
1735 2733 1845 2796 agrum
1875 2713 2003 2778 51151551
2030 2729 2086 2792 551
2117 2711 2214 2774 totius

378 2817 474 2884 urbis
496 2813 658 2879 circuitum
680 2830 760 2893 poue
781 2810 1077 2892 murosregiouibus
1099 2811 1192 2876 certis
1205 2811 1438 2892 determinatae,
1461 2813 1514 2895 qui
1529 2813 1604 2879 lacit
1624 2811 1716 2878 tinem
1731 2813 1853 2878 urbanii
1871 2811 2011 2893 auspicii,
2034 2813 2092 2875 etc.

540 2913 641 2976 Varro
663 2910 683 2974 l.
704 2909 724 2973 l.
751 2908 778 2973 V
803 2909 871 2972 143.
914 2907 1091 2976 Pomerium
1114 2909 1240 2990 dictum,
1278 2929 1339 2992 quo
1362 2910 1502 2994 auspicia
1529 2911 1650 2977 urbana
1676 2910 1833 2976 finiuntur.
1878 2911 1915 2976 cl.
1943 2911 2026 2975 Fest.
2055 2909 2125 2972 249.
2143 2909 2213 2972 250.

382 3015 477 3082 *Paul
499 3015 570 3083 248.
612 3009 680 3073 Liv.
702 3007 784 3086 144,
807 3009 857 3071 45.
900 3007 1008 3074 Senec.
1034 3009 1105 3073 dial.
1128 3009 1221 3087 1113,
1246 3011 1277 3074 8.

538 3110 664 3174 58511.
688 3110 764 3172 Aen.
807 3105 869 3171 XII
892 3109 961 3172 176.
1004 3105 1080 3172 Esto
1103 3125 1184 3171 nunc
1206 3107 1266 3188 sol]
1289 3111 1321 3172 et
1342 3107 1401 3174 boc
1422 3127 1478 3192 per
1499 3111 1635 3192 speciem
1657 3109 1787 3192 augurii,
1811 3127 1892 3190 quae
1914 3105 2052 3187 precatio
2075 3105 2214 3169 maxima

388 3209 572 3294 appellator,
597 3208 682 3272 dicit.
726 3203 868 3270 Precatio
881 3209 985 3270 autem
996 3206 1132 3271 maxima
1153 3209 1210 3286 est,
1233 3225 1327 3288 quum
1340 3208 1444 3290 plures
1457 3207 1541 3290 (1555,
1565 3227 1658 3292 quarn
1671 3209 1702 3274 15
1726 3208 1838 3275 5515115
1854 3206 1996 3289 55111555
2011 3204 2215 3286 auguriorum

380 3315 537 3396 precatur
557 3311 748 3387 eventusque
768 3305 813 3369 rei
835 3304 935 3369 bonae
957 3304 1103 3386 poscitur,
1126 3311 1163 3370 ut
1182 3301 1213 3368 in
1236 3305 1346 3370 melius
1364 3307 1483 3387 juvent.

541 3404 615 3470 ibid.
639 3404 682 3468 Vl
706 3405 764 3469 191
789 3402 913 3483 proprie
935 3399 1029 3467 effata
1043 3409 1116 3468 sunt
1131 3423 1283 3486 augurum
1298 3423 1407 3486 preces
1430 3408 1471 3484 (v.
1484 3405 1609 3488 5115155)
1632 3407 1674 3472 ad
1698 3404 2080 3489 captandoanguriapost
2102 3419 2213 3484 preces

380 3505 565 3572 immobiles
586 3501 636 3568 uel
652 3503 761 3568 sedere
784 3501 832 3566 rel
854 3507 938 3566 stare
960 3508 1155 3567 consuerant.
1197 3501 1280 3566 Talis
1302 3502 1441 3584 precatio
1464 3503 1579 3586 legitur
1601 3505 1669 3571 Liu.
1692 3506 1708 3571 1
1733 3509 1781 3573 18.

545 3601 609 3667 Cic.
631 3609 695 3666 unt.
719 3601 748 3666 d.
776 3601 824 3666 111
845 3603 894 3676 20,
912 3601 961 3668 52.
1004 3600 1040 3665 15
1062 3619 1214 3682 augurum
1241 3602 1420 3682 precatione
1440 3599 1627 3686 Tiberinum,
1651 3605 1828 3688 Spinonem,
1851 3604 2023 3682 Almonem,
2046 3600 2213 3679 Nodinum,

383 3703 457 3770 5115
478 3700 721 3784 propinquorum
744 3700 905 3765 fluminum
927 3699 1052 3763 nomina
1074 3698 1224 3770 videmus,

543 3801 580 3866 cl.
603 3801 689 3866 Serv.
711 3803 788 3864 Aen.
810 3799 888 3864 VIII
905 3801 955 3878 31,
971 3799 1020 3862 95.
1065 3797 1139 3862 ibid.
1163 3797 1212 3864 63.
1255 3799 1292 3867 15
1307 3799 1405 3866 sacris
1417 3797 1606 3882 (1111511555)
1622 3800 1716 3865 511515
1730 3800 1824 3864 Serra
1842 3799 2012 3865 dicebatur.
2057 3797 2214 3862 15111330.

379 3901 554 3968 'Tiberinus
576 3908 644 3966 515
664 3897 863 3982 pontificibus
883 3896 1043 3980 indigitari
1064 3896 1152 3962 solet.
1199 3897 1273 3964 ibid.
1297 3901 1346 3963 72.
1370 3897 1586 3962 intonaturis
1608 3898 1766 3980 precibus:
1795 3897 1922 3977 Adesto,
1956 3895 2107 3974 Tiberine,
2145 3912 2216 3960 cum

390 4005 454 4070 tuis
477 4002 569 4067 undis
592 4000 658 4082 (qui
680 4017 788 4064 versus
810 3996 975 4061 Saturnius
997 3999 1068 4074 est).
1110 3995 1193 4061 Fest.
1219 3999 1287 4062 151.
1310 3995 1409 4080 (Paul.
1435 3997 1515 4078 156).
1559 3995 2137 4078 1151155511555511555111155511151.

544 4097 889 4166 8515115511166.
932 4093 1065 4172 Quidam
1098 4113 1173 4159 saue
1194 4093 1347 4160 Tellurem
1376 4115 1523 4177 praeesse
1555 4097 1672 4179 nuptiis
1695 4097 1833 4176 tradunt,
1866 4113 1939 4159 nam
1962 4100 1995 4158 et
2015 4094 2047 4157 in
2069 4093 2217 4176 auspiciis

393 4203 572 4286 nuptiarum
595 4204 733 4264 uocatur.
783 4195 857 4260 ibid.
882 4194 927 4259 lV
948 4197 998 4258 45.
1051 4193 1174 4259 Junone
1196 4192 1344 4280 secunda]
1372 4213 1452 4277 quae
1474 4203 1602 4278 praeest
1628 4194 1780 4278 conjugiis
1807 4191 2011 4274 —quamvis
2038 4197 2070 4257 et
2095 4191 2164 4273 ipsa
2185 4191 2217 4255 in

387 4301 482 4368 libris
505 4315 657 4382 angumm
679 4313 824 4377 51555555
846 4291 970 4359 6155151
990 4293 1147 4374 auspiciis.

545 4397 724 4479 Adjungam
746 4393 895 4459 hocloco
918 4392 1093 4473 fragmenta
1113 4393 1207 4458 haee:
1229 4391 1312 4456 Fest
1335 4393 1406 4458 351.
1450 4395 1546 4475 ,Bene
1569 4394 1691 4477 sponsis
1712 4393 1854 4474 beneque
1874 4390 1963 4455 volis‘
1984 4389 2016 4454 in
2038 4390 2217 4472 precatione

391 4497 547 4582 augurali.
590 4493 729 4560 Messala
750 4511 851 4574 augur
872 4491 917 4556 ait
939 4488 1115 4573 significare
1137 4489 1341 4572 spoponderis
1363 4493 1509 4559 volueris.

544 4596 617 4662 ibid.
640 4593 782 4676 ,Serpula
803 4591 961 4673 551555111ι
983 4589 1029 4655 511
1048 4589 1131 4655 idern
1155 4589 1299 4672 Messala,
1323 4611 1451 4676 serpens
1473 4593 1642 4675 irrepserit.
1685 4591 1791 4657 Solino
1813 4589 1895 4655 idern
1918 4588 1964 4653 ait
1990 4607 2059 4654 5555
2080 4587 2216 4654 consulo.

381 4697 484 4763 :Suae
507 4695 559 4760 ted
582 4695 666 4760 idern
687 4694 733 4758 511
754 4711 823 4758 5555
845 4691 952 4756 51515.
1752 4679 1756 4689 ’

546 4797 565 4858 6
589 4793 652 4859 Cic.
674 4811 739 4874 rep.
763 4791 794 4856 11
816 4792 918 4869 31,54.
972 4787 1230 4855 Provocationem
1252 4791 1346 4858 etiam
1374 4811 1394 4857 a
1423 4789 1549 4873 regibus
1576 4787 1677 4856 luisse
1703 4789 1864 4856 declarant
1893 4787 2043 4872 pontificii
2065 4784 2148 4864 libri,
2176 4783 2218 4848 si-

383 4891 546 4986 gnificant
567 4891 667 4957 nostri
689 4892 783 4956 etiarn
806 4887 981 4971 augurales.

546 4989 666 5058 Seneca
689 5011 736 5072 ep.
760 4989 869 5056 XVIII
890 4989 909 5053 5
933 4989 1019 5072 (108)
1040 4989 1091 5054 31.
1140 4991 1249 5071 Aeque
1274 4994 1377 5070 notat,
1410 4989 1662 5072 provocationem
1689 4987 1730 5054 ad
1755 4989 1903 5072 populum
1933 4985 2026 5052 etiam
2049 5003 2068 5050 5
2089 4985 2218 5067 regibus

381 5093 508 5172 :luisse;
532 5091 565 5155 id
587 5091 632 5156 ita
654 5090 684 5154 in
706 5087 936 5172 pontificalibus
958 5087 1046 5154 libris
1067 5095 1099 5154 et
1118 5088 1171 5152 5111
1193 5089 1305 5170 551551
1326 5092 1358 5151 51
1379 5087 1564 5157 Fenestella.

546 5193 564 5256 1
587 5209 615 5254 u.
637 5187 828 5270 Tripudium.

547 5291 567 5357 8
590 5289 678 5354 Fest.
700 5291 771 5354 266.
816 5287 988 5373 [Romanus
1011 5285 1205 5370 5551)-5111
1226 5285 1374 5355 incubare
1395 5289 1503 5369 posset
1522 5283 1654 5367 auspicii
1674 5281 1836 5365 repetendi
1858 5299 1964 5349 causa.
2028 5366 2066 5430 2*
