4922 5964
508 1748 675 1865 Quanam
695 1799 758 1865 vim
780 1819 817 1867 ac
839 1801 1027 1882 potestatem
1053 1797 1218 1882 disciplina
1239 1796 1398 1880 auguralis
1418 1797 1451 1862 in
1473 1797 1616 1864 omnibus
1638 1798 1848 1864 Romanorum
1875 1797 1969 1862 rebus
1997 1797 2081 1862 domi
2105 1798 2186 1864 mili-

353 1919 480 2002 tiaeque
501 1913 685 1984 ordinandis
708 1919 802 1998 atqne
824 1915 1079 1982 administrandis
1101 1915 1255 1995 habuerit,
1279 1913 1349 1996 quis
1371 1917 1420 1979 ast
1441 1911 1495 1995 qui
1516 1915 1657 1980 nesciat?
1699 1914 1768 1992 Qua
1789 1914 1829 1979 de
1851 1913 2017 1994 disciplina
2031 1913 2102 1979 libri
2124 1933 2186 1980 non

353 2041 476 2102 tantum
498 2033 649 2101 extabant
669 2030 757 2111 tales,
781 2031 834 2114 qni
854 2030 929 2096 inde
949 2032 990 2097 ab
1012 2031 1237 2115 antiquissimis
1248 2031 1441 2113 temporibus
1457 2029 1609 2113 originem
1621 2031 1779 2110 ducentes,
1793 2029 1948 2113 quomodo
1967 2029 2027 2094 rlte
2045 2031 2186 2112 auspicia

354 2151 508 2216 servanda
532 2152 645 2228 essent,
668 2147 823 2214 docebant
835 2147 918 2228 (libri
929 2147 1096 2231 augurales
1107 2147 1173 2214 sive
1183 2165 1346 2230 augurum,
1368 2147 1440 2214 libri
1460 2146 1636 2228 reconditi),
1652 2152 1708 2212 aut
1728 2167 1790 2230 qua
1805 2143 1982 2212 conditione
2003 2164 2040 2211 ac
2061 2145 2187 2212 fortuna

353 2286 406 2333 ars
428 2285 581 2351 augurum
603 2283 659 2347 per
680 2263 807 2330 saecule
816 2283 875 2330 usa
886 2269 971 2330 esset
991 2263 1169 2330 referebant
1188 2261 1416 2347 (commentarii
1428 2261 1594 2345 augurales
1616 2262 1682 2328 sive
1699 2281 1865 2344 augurum,
1890 2262 2017 2330 decreta
2039 2263 2184 2346 collegii),

354 2381 411 2448 sed
433 2383 528 2447 etiam
549 2382 604 2465 qui
624 2381 665 2447 ab
697 2379 869 2462 auguribus
891 2377 992 2445 doctis
1024 2379 1157 2462 aliisque
1190 2381 1222 2446 in
1244 2379 1484 2462 antiquitatibus
1516 2377 1647 2446 comesis
1668 2377 1743 2444 viris
1776 2378 1944 2460 conscripti
1977 2395 2039 2443 non
2065 2381 2185 2446 tamid

355 2498 552 2580 spectabant,
575 2501 685 2561 utens
709 2495 764 2560 ille
785 2494 896 2558 melius
918 2499 1108 2561 necteretur
1129 2496 1186 2562 sed
1207 2499 1316 2578 utpote
1339 2493 1524 2576 dignissima
1545 2493 1648 2558 studio
1670 2493 1848 2560 accuratius
1870 2495 2108 2576 perspiceretur.

506 2610 625 2688 Quibus
648 2629 686 2676 ex
708 2609 795 2675 libris
817 2615 883 2674 tam
901 2627 1010 2692 pauca,
1034 2630 1116 2694 quae
1137 2612 1264 2695 quidem
1285 2609 1351 2676 iere
1373 2629 1411 2674 ex
1434 2609 1565 2692 singulis
1586 2609 1727 2676 formulis
1749 2609 1970 2693 vocabulisque
1994 2617 2026 2675 et
2052 2613 2184 2680 exilibus

353 2726 609 2796 adnotationibus
630 2730 785 2804 constent,
817 2726 858 2792 ad
880 2731 1020 2792 nostram
1041 2729 1252 2810 cognitionem
1274 2731 1490 2809 pervenerunt,
1513 2731 1549 2792 ut
1563 2743 1718 2808 augrunm
1733 2727 1898 2810 disciplina
1913 2745 2035 2794 summa
2051 2729 2185 2812 caligine

354 2841 504 2934 obvoluta
524 2842 676 2923 videatur,
700 2861 782 2924 quae
802 2843 959 2925 penetrari
970 2842 1016 2906 ita
1036 2848 1073 2908 ut
1095 2843 1196 2908 solide
1218 2849 1251 2908 et
1277 2859 1425 2924 expressa
1446 2842 1612 2908 universae
1643 2842 1721 2907 artis
1751 2843 1856 2926 imago
1880 2844 2072 2926 exhibeatur,
2107 2865 2185 2911 nun-

354 2975 448 3041 quam
469 2957 595 3040 poterit.

504 3075 551 3140 Ac
573 3076 599 3140 si
621 3073 809 3159 quaerimus,
832 3074 988 3158 quomodo
1009 3072 1181 3139 iactumsit
1201 3079 1237 3138 ut
1257 3091 1308 3139 res
1330 3073 1363 3138 in
1385 3079 1506 3140 tantam
1528 3075 1714 3141 oblivionem
1737 3075 1859 3156 abierit,
1882 3093 1943 3140 non
1964 3082 2030 3142 tam
2052 3078 2084 3144 in
2107 3085 2186 3145 tem-

353 3207 463 3272 porum
484 3189 649 3274 iniquitate
669 3210 764 3274 quam
784 3189 817 3256 in
838 3191 916 3256 artis
937 3189 1035 3274 ipsius
1057 3195 1171 3256 natura
1195 3193 1227 3256 ct
1248 3187 1426 3256 conditione
1448 3209 1545 3256 cause
1565 3191 1749 3256 invenietur.
1793 3189 1965 3272 Disciplina
1987 3193 2069 3258 enirn
2085 3213 2185 3276 augu-

352 3306 429 3372 ralis
450 3312 516 3374 tam
538 3326 654 3376 arcana
675 3307 888 3393 impeditaque
910 3310 942 3370 et
963 3309 1012 3372 tot
1040 3305 1202 3388 tantisque
1223 3305 1377 3374 adstricta
1391 3310 1461 3370 erat
1477 3305 1682 3388 caerimoniis,
1705 3319 1742 3374 ut
1755 3309 1795 3374 ab
1818 3307 1894 3390 ipsis
1909 3310 2080 3392 auguribus
2097 3311 2186 3393 igno·

354 3429 485 3505 seretur,
508 3427 692 3507 praesertim
714 3442 785 3489 cnm
806 3421 935 3501 nobiles,
958 3421 1073 3504 quippe
1094 3421 1207 3503 quibus
1228 3421 1304 3488 solis
1326 3421 1510 3504 auspicandi
1531 3426 1631 3488 artem
1653 3424 1773 3490 scilicet
1794 3443 1866 3490 vere
1883 3425 2057 3492 Romnum
2079 3432 2187 3495 tenere

353 3539 471 3620 liceret,
484 3559 547 3605 non
568 3538 769 3623 iiessentqui
781 3537 968 3604 turbulentis
979 3537 1164 3619 praesertim
1174 3539 1365 3620 reipublicae
1380 3539 1572 3620 temporibus
1594 3557 1703 3622 eoquo
1716 3559 1774 3622 per
1786 3547 1854 3606 eret
1867 3542 1971 3606 studio
1994 3543 2025 3606 iu
2040 3563 2107 3609 rem
2120 3549 2185 3612 tam

354 3771 473 3838 veritas
496 3769 706 3852 auspiciorum
720 3775 826 3853 spreta
842 3776 898 3850 est,
912 3767 1033 3854 speeies
1044 3774 1166 3834 tantrun
1177 3775 1308 3852 retenta,
1321 3805 1362 3818 ·-
1373 3769 1518 3852 idemque
1529 3769 1594 3835 lere
1605 3771 1694 3852 iniis,
1718 3791 1795 3854 quos
1806 3773 1845 3838 de
1857 3773 2047 3840 divinatione
2059 3777 2186 3858 scripsit

352 3888 449 3968 libris,
473 3885 598 3968 saepius
618 3884 742 3968 legitur.
785 3885 971 3962 Quumvero
992 3886 1126 3951 Romani
1147 3889 1183 3950 ut
1204 3893 1294 3952 erent
1315 3885 1527 3969 superstitiosi
1541 3885 1636 3953 ullam
1658 3907 1724 3954 rem
1745 3889 1905 3972 suscipere
1920 3897 2101 3956 vererentur
2121 3911 2185 3959 uon

354 4024 425 4071 curn
447 4004 508 4070 diis
540 4006 634 4068 antea
655 4001 926 4082 communicatam,
961 3999 1046 4066 illam
1068 4005 1196 4082 propter
1217 4021 1345 4068 causam
1367 4021 1419 4068 ars
1441 4021 1596 4085 augurum
1616 4002 1768 4085 perdetim
1790 4003 1951 4084 obsolevit,
1979 4006 2183 4091 haruspicum

355 4120 520 4202 disciplina
541 4137 579 4186 ex
599 4117 727 4182 Etruria
748 4117 850 4184 accita
869 4117 971 4200 magis
992 4116 1156 4200 magisque
1177 4117 1373 4184 efflorescere
1405 4119 1519 4201 coepit
1578 4119 1621 4184 Et
1641 4119 1783 4200 quamvis
1809 4119 1972 4202 utriusque
1999 4124 2184 4208 disciplinae

354 4254 470 4302 munus
493 4240 525 4301 et
547 4233 683 4299 officium
706 4232 752 4298 ite
774 4231 1015 4314 discerneretur,
1044 4239 1081 4298 ut
1101 4251 1236 4316 augures
1258 4233 1333 4299 deos
1356 4235 1388 4299 in
1408 4235 1503 4301 rebus
1525 4236 1723 4302 consulerent
1742 4234 1967 4318 ingrediendis,
2001 4239 2185 4324 haruspices

353 4349 581 4434 responderent
604 4341 760 4432 quomod'o
783 4347 826 4412 dii
848 4345 994 4430 placendi
1015 4354 1128 4431 essent,
1153 4354 1258 4416 temen
1278 4350 1338 4416 hoc
1360 4350 1538 4417 discrimine
1559 4351 1700 4435 neglecto
1727 4349 1927 4434 haruspicum
1948 4358 2185 4436 procurationes

352 4466 574 4549 prodigiorum,
597 4483 649 4530 ers
671 4464 885 4548 fulguratorie,
909 4464 1094 4548 extispicina
1115 4485 1268 4548 augurum
1290 4466 1438 4548 auspicia,
1457 4468 1570 4550 quibus
1591 4486 1654 4534 non
1675 4469 1810 4548 captetis
1833 4469 1908 4536 nihil
1932 4473 2089 4554 quondam
2112 4471 2182 4540 lieri

353 4583 483 4664 solebat,
507 4583 540 4648 in
561 4582 747 4649 oblivionem
768 4581 968 4648 abducerent.

503 4696 656 4775 Quoniam
677 4698 717 4764 de
738 4698 841 4764 causis
862 4697 986 4764 locutus
1008 4717 1085 4781 sum,
1109 4719 1166 4766 cur
1183 4699 1260 4765 artis
1273 4700 1432 4782 auguralis
1454 4700 1685 4784 exigneextent
1699 4709 1908 4786 monumenta,
1925 4705 2019 4785 locos,
2043 4725 2121 4788 quos
2139 4709 2183 4774 ad

351 4812 437 4879 illam
457 4815 649 4896 pertinentes
670 4813 864 4897 investigavi,
888 4812 1036 4882 collectos
1057 4816 1090 4881 in
1110 4815 1336 4898 conspectuita
1357 4835 1480 4899 ponam,
1505 4823 1541 4884 ut
1561 4817 1738 4900 fragmenta
1760 4819 1830 4901 ipse
1852 4825 1884 4885 et
1899 4795 2053 4888 *vocabula
2082 4843 2184 4908 eugu-

351 4927 431 4992 ralia
452 4927 593 4994 ordinem
615 4929 777 4996 literarum
799 4935 925 4996 secutus
947 4929 1085 4998 afferam.

503 5045 562 5122 Qui
584 5047 767 5130 ampliorem
788 5045 947 5113 desiderat
968 5047 1238 5130 commentarium,
1262 5048 1307 5131 ei,
1336 5067 1407 5118 cum
1429 5068 1485 5133 per
1507 5059 1664 5136 sumptum
1687 5071 1825 5119 annuum
1847 5051 2008 5120 decretum
2022 5075 2083 5121 non
2105 5057 2183 5122 mihi

350 5158 475 5225 licuerit
494 5160 554 5225 nisi
577 5163 697 5246 exiguis
719 5162 859 5246 equitare
880 5164 1008 5247 campis,
1031 5182 1122 5229 more
1143 5184 1297 5249 anguinum
1318 5167 1507 5249 respondeo:

1126 5281 1415 5349 hliodie.
2122 5373 2136 5434 l
