<?xml version="1.0" encoding="UTF-8"?>
<!DOCTYPE html PUBLIC "-//W3C//DTD XHTML 1.0 Transitional//EN"
    "http://www.w3.org/TR/xhtml1/DTD/xhtml1-transitional.dtd">
<html xmlns="http://www.w3.org/1999/xhtml" xml:lang="en" lang="en">
 <head>
  <title>
</title>
<meta http-equiv="Content-Type" content="text/html;charset=utf-8" />
  <meta name='ocr-system' content='tesseract 3.04.00' />
  <meta name='ocr-capabilities' content='ocr_page ocr_carea ocr_par ocr_line ocrx_word'/>
</head>
<body>
  <div class='ocr_page' id='page_1' title='image "./fragmentaaugura00galegoog_0009.png"; bbox 0 0 4922 5964; ppageno 0'>
   <div class='ocr_carea' id='block_1_1' title="bbox 763 1188 1470 1328">
    <p class='ocr_par' dir='ltr' id='par_1_1' title="bbox 763 1188 1470 1328">
     <span class='ocr_line' id='line_1_1' title="bbox 763 1188 1470 1328; baseline 0.006 -38"><span class='ocrx_word' id='word_1_1' title='bbox 763 1188 1112 1326; x_wconf 74' lang='lat' dir='ltr'><strong>Fragmenta</strong></span> <span class='ocrx_word' id='word_1_2' title='bbox 1148 1196 1470 1328; x_wconf 82' lang='lat' dir='ltr'><strong>auguralia.</strong></span> 
     </span>
    </p>
   </div>
   <div class='ocr_carea' id='block_1_2' title="bbox 356 1509 1425 2205">
    <p class='ocr_par' dir='ltr' id='par_1_2' title="bbox 361 1509 1425 1824">
     <span class='ocr_line' id='line_1_2' title="bbox 361 1509 1425 1630; baseline 0 -22"><span class='ocrx_word' id='word_1_3' title='bbox 361 1547 373 1608; x_wconf 95' lang='lat'><strong>1</strong></span> <span class='ocrx_word' id='word_1_4' title='bbox 411 1509 498 1620; x_wconf 75' lang='lat' dir='ltr'><strong>Ager</strong></span> <span class='ocrx_word' id='word_1_5' title='bbox 517 1539 686 1622; x_wconf 89' lang='lat' dir='ltr'><strong>Romanus,</strong></span> <span class='ocrx_word' id='word_1_6' title='bbox 711 1541 861 1627; x_wconf 84' lang='lat' dir='ltr'><strong>Gabinus,</strong></span> <span class='ocrx_word' id='word_1_7' title='bbox 884 1546 1079 1630; x_wconf 70' lang='lat' dir='ltr'><strong>Peregrinae,</strong></span> <span class='ocrx_word' id='word_1_8' title='bbox 1101 1544 1260 1625; x_wconf 86' lang='lat' dir='ltr'><strong>Hosticua,</strong></span> <span class='ocrx_word' id='word_1_9' title='bbox 1283 1543 1425 1609; x_wconf 84' lang='lat' dir='ltr'><strong>Incertus</strong></span> 
     </span>
     <span class='ocr_line' id='line_1_3' title="bbox 410 1645 816 1728; baseline 0.01 -18"><span class='ocrx_word' id='word_1_10' title='bbox 410 1646 496 1728; x_wconf 82' lang='lat' dir='ltr'><strong>Ager</strong></span> <span class='ocrx_word' id='word_1_11' title='bbox 516 1645 629 1710; x_wconf 85' lang='lat' dir='ltr'><strong>aliatus</strong></span> <span class='ocrx_word' id='word_1_12' title='bbox 651 1664 680 1711; x_wconf 84' lang='lat' dir='ltr'><strong>v.</strong></span> <span class='ocrx_word' id='word_1_13' title='bbox 703 1647 816 1714; x_wconf 84' lang='lat' dir='ltr'><strong>effatus</strong></span> 
     </span>
     <span class='ocr_line' id='line_1_4' title="bbox 408 1742 1014 1824; baseline 0.015 -19"><span class='ocrx_word' id='word_1_14' title='bbox 408 1743 494 1824; x_wconf 86' lang='lat' dir='ltr'><strong>Ager</strong></span> <span class='ocrx_word' id='word_1_15' title='bbox 514 1742 701 1810; x_wconf 84' lang='lat' dir='ltr'><strong>Remurinus</strong></span> <span class='ocrx_word' id='word_1_16' title='bbox 716 1763 745 1811; x_wconf 84' lang='lat' dir='ltr'><strong>v.</strong></span> <span class='ocrx_word' id='word_1_17' title='bbox 767 1765 842 1814; x_wconf 82' lang='lat' dir='ltr'><strong>aves</strong></span> <span class='ocrx_word' id='word_1_18' title='bbox 864 1751 1014 1816; x_wconf 88' lang='lat' dir='ltr'><strong>Remores</strong></span> 
     </span>
    </p>

    <p class='ocr_par' dir='ltr' id='par_1_3' title="bbox 356 1838 554 1910">
     <span class='ocr_line' id='line_1_5' title="bbox 356 1838 554 1910; baseline -0.02 0"><span class='ocrx_word' id='word_1_19' title='bbox 356 1847 377 1910; x_wconf 80' lang='lat'><strong>2</strong></span> <span class='ocrx_word' id='word_1_20' title='bbox 409 1838 480 1905; x_wconf 89' lang='lat' dir='ltr'><strong>Alio</strong></span> <span class='ocrx_word' id='word_1_21' title='bbox 502 1840 554 1906; x_wconf 89' lang='lat' dir='ltr'><strong>die</strong></span> 
     </span>
    </p>

    <p class='ocr_par' dir='ltr' id='par_1_4' title="bbox 356 1937 587 2022">
     <span class='ocr_line' id='line_1_6' title="bbox 356 1937 587 2022; baseline 0.013 -21"><span class='ocrx_word' id='word_1_22' title='bbox 356 1944 376 2009; x_wconf 89' lang='lat'><strong>3</strong></span> <span class='ocrx_word' id='word_1_23' title='bbox 400 1937 587 2022; x_wconf 70' lang='lat' dir='ltr'><strong>fAmbiegna</strong></span> 
     </span>
    </p>

    <p class='ocr_par' dir='ltr' id='par_1_5' title="bbox 356 2037 553 2107">
     <span class='ocr_line' id='line_1_7' title="bbox 356 2037 553 2107; baseline 0.025 -9"><span class='ocrx_word' id='word_1_24' title='bbox 356 2044 377 2107; x_wconf 80' lang='lat'>4</span> <span class='ocrx_word' id='word_1_25' title='bbox 410 2037 553 2103; x_wconf 86' lang='lat' dir='ltr'><strong>Arcanos</strong></span> 
     </span>
    </p>

    <p class='ocr_par' dir='ltr' id='par_1_6' title="bbox 358 2137 561 2205">
     <span class='ocr_line' id='line_1_8' title="bbox 358 2137 561 2205; baseline -0.005 0"><span class='ocrx_word' id='word_1_26' title='bbox 358 2143 377 2205; x_wconf 82' lang='lat'><strong>5</strong></span> <span class='ocrx_word' id='word_1_27' title='bbox 411 2137 561 2204; x_wconf 81' lang='lat' dir='ltr'><strong>deserere</strong></span> 
     </span>
    </p>
   </div>
   <div class='ocr_carea' id='block_1_3' title="bbox 359 2220 642 2402">
    <p class='ocr_par' dir='ltr' id='par_1_7' title="bbox 359 2220 642 2402">
     <span class='ocr_line' id='line_1_9' title="bbox 360 2220 523 2301; baseline -0.043 -13"><span class='ocrx_word' id='word_1_28' title='bbox 360 2227 380 2288; x_wconf 91' lang='grc'><strong>6</strong></span> <span class='ocrx_word' id='word_1_29' title='bbox 412 2220 523 2301; x_wconf 81' lang='lat' dir='ltr'>Augur</span> 
     </span>
     <span class='ocr_line' id='line_1_10' title="bbox 359 2319 642 2402; baseline 0.004 -15"><span class='ocrx_word' id='word_1_30' title='bbox 359 2325 377 2387; x_wconf 86' lang='grc'><strong>7</strong></span> <span class='ocrx_word' id='word_1_31' title='bbox 409 2319 642 2402; x_wconf 79' lang='lat' dir='ltr'><strong>Auguraculum</strong></span> 
     </span>
    </p>
   </div>
   <div class='ocr_carea' id='block_1_4' title="bbox 358 2421 585 2602">
    <p class='ocr_par' dir='ltr' id='par_1_8' title="bbox 358 2421 585 2602">
     <span class='ocr_line' id='line_1_11' title="bbox 358 2421 573 2502; baseline -0.005 -14"><span class='ocrx_word' id='word_1_32' title='bbox 358 2423 379 2488; x_wconf 90' lang='lat'>8</span> <span class='ocrx_word' id='word_1_33' title='bbox 412 2421 573 2502; x_wconf 62' lang='lat' dir='ltr'><strong>Aumrale</strong></span> 
     </span>
     <span class='ocr_line' id='line_1_12' title="bbox 359 2519 585 2602; baseline 0.009 -20"><span class='ocrx_word' id='word_1_34' title='bbox 359 2521 378 2582; x_wconf 91' lang='lat'><strong>9</strong></span> <span class='ocrx_word' id='word_1_35' title='bbox 411 2519 585 2602; x_wconf 72' lang='lat' dir='ltr'><strong>auguratio</strong></span> 
     </span>
    </p>
   </div>
   <div class='ocr_carea' id='block_1_5' title="bbox 202 2681 2040 5144">
    <p class='ocr_par' dir='ltr' id='par_1_9' title="bbox 203 2681 2040 3461">
     <span class='ocr_line' id='line_1_13' title="bbox 358 2681 2037 2771; baseline 0.004 -23"><span class='ocrx_word' id='word_1_36' title='bbox 358 2688 373 2748; x_wconf 91' lang='lat'><strong>1</strong></span> <span class='ocrx_word' id='word_1_37' title='bbox 414 2684 512 2748; x_wconf 86' lang='lat' dir='ltr'><strong>Varro</strong></span> <span class='ocrx_word' id='word_1_38' title='bbox 534 2684 575 2748; x_wconf 89' lang='lat' dir='ltr'><strong>de</strong></span> <span class='ocrx_word' id='word_1_39' title='bbox 597 2683 617 2747; x_wconf 95' lang='lat' dir='ltr'><strong>l.</strong></span> <span class='ocrx_word' id='word_1_40' title='bbox 638 2681 658 2747; x_wconf 96' lang='lat' dir='ltr'><strong>l.</strong></span> <span class='ocrx_word' id='word_1_41' title='bbox 681 2681 709 2748; x_wconf 89' lang='lat' dir='ltr'>V</span> <span class='ocrx_word' id='word_1_42' title='bbox 729 2684 780 2749; x_wconf 84' lang='lat'><strong>33.</strong></span> <span class='ocrx_word' id='word_1_43' title='bbox 813 2683 857 2749; x_wconf 89' lang='lat' dir='ltr'><strong>Ut</strong></span> <span class='ocrx_word' id='word_1_44' title='bbox 879 2683 978 2748; x_wconf 82' lang='lat' dir='ltr'><strong>ausui</strong></span> <span class='ocrx_word' id='word_1_45' title='bbox 1000 2701 1135 2766; x_wconf 80' lang='lat' dir='ltr'><strong>augures</strong></span> <span class='ocrx_word' id='word_1_46' title='bbox 1155 2685 1273 2766; x_wconf 83' lang='lat' dir='ltr'>publici</span> <span class='ocrx_word' id='word_1_47' title='bbox 1304 2683 1471 2764; x_wconf 81' lang='lat' dir='ltr'><strong>disserunt,</strong></span> <span class='ocrx_word' id='word_1_48' title='bbox 1507 2703 1654 2767; x_wconf 89' lang='lat' dir='ltr'><strong>agrorum</strong></span> <span class='ocrx_word' id='word_1_49' title='bbox 1676 2689 1876 2768; x_wconf 85' lang='lat' dir='ltr'><strong>suntgeoera</strong></span> <span class='ocrx_word' id='word_1_50' title='bbox 1890 2687 2037 2771; x_wconf 90' lang='lat' dir='ltr'><strong>quinque,</strong></span> 
     </span>
     <span class='ocr_line' id='line_1_14' title="bbox 203 2781 2040 2869; baseline 0.002 -19"><span class='ocrx_word' id='word_1_51' title='bbox 203 2785 363 2850; x_wconf 77' lang='lat' dir='ltr'><strong>Romarm</strong></span> <span class='ocrx_word' id='word_1_52' title='bbox 387 2817 434 2846; x_wconf 90' lang='lat'><strong>-.</strong></span> <span class='ocrx_word' id='word_1_53' title='bbox 458 2784 617 2850; x_wconf 83' lang='lat' dir='ltr'><strong>Romanus</strong></span> <span class='ocrx_word' id='word_1_54' title='bbox 639 2781 752 2863; x_wconf 91' lang='lat' dir='ltr'><strong>dictus,</strong></span> <span class='ocrx_word' id='word_1_55' title='bbox 774 2783 858 2848; x_wconf 92' lang='lat' dir='ltr'><strong>unde</strong></span> <span class='ocrx_word' id='word_1_56' title='bbox 878 2782 987 2862; x_wconf 86' lang='lat' dir='ltr'><strong>Romu,</strong></span> <span class='ocrx_word' id='word_1_57' title='bbox 1012 2783 1052 2850; x_wconf 90' lang='lat' dir='ltr'><strong>ab</strong></span> <span class='ocrx_word' id='word_1_58' title='bbox 1063 2784 1205 2850; x_wconf 89' lang='lat' dir='ltr'><strong>Romulo.</strong></span> <span class='ocrx_word' id='word_1_59' title='bbox 1248 2782 1389 2849; x_wconf 83' lang='lat' dir='ltr'><strong>Gabinus</strong></span> <span class='ocrx_word' id='word_1_60' title='bbox 1411 2783 1452 2849; x_wconf 86' lang='lat' dir='ltr'><strong>ab</strong></span> <span class='ocrx_word' id='word_1_61' title='bbox 1466 2783 1582 2866; x_wconf 93' lang='lat' dir='ltr'><strong>oppido</strong></span> <span class='ocrx_word' id='word_1_62' title='bbox 1604 2783 1711 2850; x_wconf 84' lang='lat' dir='ltr'><strong>Gabis.</strong></span> <span class='ocrx_word' id='word_1_63' title='bbox 1754 2783 1941 2868; x_wconf 78' lang='lat' dir='ltr'><strong>Peregrinus</strong></span> <span class='ocrx_word' id='word_1_64' title='bbox 1961 2805 2040 2869; x_wconf 87' lang='lat' dir='ltr'><strong>ager</strong></span> 
     </span>
     <span class='ocr_line' id='line_1_15' title="bbox 203 2880 2037 2968; baseline 0.003 -20"><span class='ocrx_word' id='word_1_65' title='bbox 203 2886 344 2964; x_wconf 88' lang='lat' dir='ltr'><strong>pacatus,</strong></span> <span class='ocrx_word' id='word_1_66' title='bbox 364 2881 418 2964; x_wconf 93' lang='lat' dir='ltr'><strong>qui</strong></span> <span class='ocrx_word' id='word_1_67' title='bbox 440 2886 531 2946; x_wconf 84' lang='lat' dir='ltr'><strong>extra</strong></span> <span class='ocrx_word' id='word_1_68' title='bbox 552 2880 727 2947; x_wconf 69' lang='lat' dir='ltr'><strong>nmmum</strong></span> <span class='ocrx_word' id='word_1_69' title='bbox 749 2888 782 2948; x_wconf 92' lang='lat' dir='ltr'><strong>et</strong></span> <span class='ocrx_word' id='word_1_70' title='bbox 803 2882 968 2963; x_wconf 90' lang='lat' dir='ltr'><strong>Gabiuum,</strong></span> <span class='ocrx_word' id='word_1_71' title='bbox 991 2883 1076 2965; x_wconf 91' lang='lat' dir='ltr'><strong>quod</strong></span> <span class='ocrx_word' id='word_1_72' title='bbox 1097 2902 1158 2948; x_wconf 90' lang='lat' dir='ltr'><strong>uno</strong></span> <span class='ocrx_word' id='word_1_73' title='bbox 1180 2883 1273 2948; x_wconf 88' lang='lat' dir='ltr'><strong>ruodo</strong></span> <span class='ocrx_word' id='word_1_74' title='bbox 1295 2883 1327 2946; x_wconf 92' lang='lat' dir='ltr'><strong>in</strong></span> <span class='ocrx_word' id='word_1_75' title='bbox 1351 2882 1399 2947; x_wconf 90' lang='lat' dir='ltr'><strong>his</strong></span> <span class='ocrx_word' id='word_1_76' title='bbox 1422 2887 1594 2965; x_wconf 88' lang='lat' dir='ltr'><strong>sequuntur</strong></span> <span class='ocrx_word' id='word_1_77' title='bbox 1619 2882 1768 2964; x_wconf 86' lang='lat' dir='ltr'><strong>auspicia.</strong></span> <span class='ocrx_word' id='word_1_78' title='bbox 1816 2884 1927 2952; x_wconf 78' lang='lat' dir='ltr'><strong>Dictus</strong></span> <span class='ocrx_word' id='word_1_79' title='bbox 1948 2905 2037 2968; x_wconf 90' lang='lat' dir='ltr'><strong>pere-</strong></span> 
     </span>
     <span class='ocr_line' id='line_1_16' title="bbox 204 2980 2038 3066; baseline 0.003 -21"><span class='ocrx_word' id='word_1_80' title='bbox 204 2981 313 3064; x_wconf 86' lang='lat' dir='ltr'><strong>grinus</strong></span> <span class='ocrx_word' id='word_1_81' title='bbox 340 2999 360 3045; x_wconf 91' lang='lat' dir='ltr'><strong>a</strong></span> <span class='ocrx_word' id='word_1_82' title='bbox 380 2980 540 3063; x_wconf 88' lang='lat' dir='ltr'><strong>pergendo</strong></span> <span class='ocrx_word' id='word_1_83' title='bbox 562 2981 582 3046; x_wconf 95' lang='lat' dir='ltr'><strong>i.</strong></span> <span class='ocrx_word' id='word_1_84' title='bbox 605 3000 632 3048; x_wconf 87' lang='lat' dir='ltr'><strong>e.</strong></span> <span class='ocrx_word' id='word_1_85' title='bbox 654 3001 674 3048; x_wconf 88' lang='lat' dir='ltr'><strong>a</strong></span> <span class='ocrx_word' id='word_1_86' title='bbox 695 2982 942 3066; x_wconf 74' lang='lat' dir='ltr'><strong>progrediendo,</strong></span> <span class='ocrx_word' id='word_1_87' title='bbox 973 3000 1011 3048; x_wconf 92' lang='lat' dir='ltr'><strong>eo</strong></span> <span class='ocrx_word' id='word_1_88' title='bbox 1033 2982 1114 3048; x_wconf 89' lang='lat' dir='ltr'><strong>enim</strong></span> <span class='ocrx_word' id='word_1_89' title='bbox 1137 3002 1175 3048; x_wconf 85' lang='lat' dir='ltr'><strong>ex</strong></span> <span class='ocrx_word' id='word_1_90' title='bbox 1196 3001 1272 3064; x_wconf 87' lang='lat' dir='ltr'><strong>agro</strong></span> <span class='ocrx_word' id='word_1_91' title='bbox 1298 2982 1438 3046; x_wconf 88' lang='lat' dir='ltr'><strong>Romano</strong></span> <span class='ocrx_word' id='word_1_92' title='bbox 1461 2981 1595 3064; x_wconf 91' lang='lat' dir='ltr'><strong>primum</strong></span> <span class='ocrx_word' id='word_1_93' title='bbox 1622 2982 1911 3064; x_wconf 83' lang='lat' dir='ltr'><strong>progrediebantur.</strong></span> <span class='ocrx_word' id='word_1_94' title='bbox 1955 2985 2038 3063; x_wconf 86' lang='lat' dir='ltr'><strong>Quo·</strong></span> 
     </span>
     <span class='ocr_line' id='line_1_17' title="bbox 204 3077 2034 3166; baseline 0.001 -20"><span class='ocrx_word' id='word_1_95' title='bbox 204 3080 288 3146; x_wconf 87' lang='lat' dir='ltr'><strong>cirea</strong></span> <span class='ocrx_word' id='word_1_96' title='bbox 309 3077 449 3146; x_wconf 84' lang='lat' dir='ltr'><strong>Gabinus</strong></span> <span class='ocrx_word' id='word_1_97' title='bbox 471 3097 595 3163; x_wconf 90' lang='lat' dir='ltr'><strong>quoque</strong></span> <span class='ocrx_word' id='word_1_98' title='bbox 617 3083 809 3166; x_wconf 84' lang='lat' dir='ltr'><strong>peregrinus,</strong></span> <span class='ocrx_word' id='word_1_99' title='bbox 832 3082 888 3148; x_wconf 88' lang='lat' dir='ltr'><strong>sed</strong></span> <span class='ocrx_word' id='word_1_100' title='bbox 905 3079 989 3164; x_wconf 93' lang='lat' dir='ltr'><strong>quod</strong></span> <span class='ocrx_word' id='word_1_101' title='bbox 1011 3082 1152 3166; x_wconf 84' lang='lat' dir='ltr'><strong>auspicia</strong></span> <span class='ocrx_word' id='word_1_102' title='bbox 1173 3081 1270 3146; x_wconf 90' lang='lat' dir='ltr'><strong>habet</strong></span> <span class='ocrx_word' id='word_1_103' title='bbox 1284 3079 1464 3162; x_wconf 84' lang='lat' dir='ltr'><strong>singularia,</strong></span> <span class='ocrx_word' id='word_1_104' title='bbox 1486 3078 1527 3143; x_wconf 91' lang='lat' dir='ltr'><strong>ab</strong></span> <span class='ocrx_word' id='word_1_105' title='bbox 1541 3077 1661 3159; x_wconf 86' lang='lat' dir='ltr'><strong>reliquo</strong></span> <span class='ocrx_word' id='word_1_106' title='bbox 1679 3080 1842 3147; x_wconf 90' lang='lat' dir='ltr'><strong>discretus.</strong></span> <span class='ocrx_word' id='word_1_107' title='bbox 1885 3083 2034 3150; x_wconf 89' lang='lat' dir='ltr'><strong>Hosticus</strong></span> 
     </span>
     <span class='ocr_line' id='line_1_18' title="bbox 203 3175 2034 3264; baseline 0.001 -20"><span class='ocrx_word' id='word_1_108' title='bbox 203 3180 307 3246; x_wconf 87' lang='lat' dir='ltr'><strong>dictus</strong></span> <span class='ocrx_word' id='word_1_109' title='bbox 328 3179 368 3245; x_wconf 88' lang='lat' dir='ltr'><strong>ab</strong></span> <span class='ocrx_word' id='word_1_110' title='bbox 389 3177 540 3248; x_wconf 86' lang='lat' dir='ltr'><strong>hostibus.</strong></span> <span class='ocrx_word' id='word_1_111' title='bbox 583 3179 725 3246; x_wconf 88' lang='lat' dir='ltr'><strong>Incertus</strong></span> <span class='ocrx_word' id='word_1_112' title='bbox 747 3181 783 3263; x_wconf 82' lang='lat' dir='ltr'><strong>is,</strong></span> <span class='ocrx_word' id='word_1_113' title='bbox 807 3180 862 3264; x_wconf 93' lang='lat' dir='ltr'><strong>qui</strong></span> <span class='ocrx_word' id='word_1_114' title='bbox 885 3181 925 3247; x_wconf 91' lang='lat' dir='ltr'><strong>de</strong></span> <span class='ocrx_word' id='word_1_115' title='bbox 945 3180 994 3244; x_wconf 95' lang='lat' dir='ltr'><strong>his</strong></span> <span class='ocrx_word' id='word_1_116' title='bbox 1016 3185 1151 3261; x_wconf 89' lang='lat' dir='ltr'><strong>quatuor</strong></span> <span class='ocrx_word' id='word_1_117' title='bbox 1172 3180 1225 3260; x_wconf 90' lang='lat' dir='ltr'><strong>qui</strong></span> <span class='ocrx_word' id='word_1_118' title='bbox 1249 3180 1290 3244; x_wconf 92' lang='lat' dir='ltr'><strong>sit</strong></span> <span class='ocrx_word' id='word_1_119' title='bbox 1312 3179 1483 3261; x_wconf 89' lang='lat' dir='ltr'><strong>ignoratur.</strong></span> <span class='ocrx_word' id='word_1_120' title='bbox 1538 3177 1575 3242; x_wconf 89' lang='lat' dir='ltr'><strong>cl.</strong></span> <span class='ocrx_word' id='word_1_121' title='bbox 1601 3175 1714 3245; x_wconf 85' lang='lat' dir='ltr'><strong>Festus</strong></span> <span class='ocrx_word' id='word_1_122' title='bbox 1736 3183 1806 3246; x_wconf 80' lang='lat'><strong>253.</strong></span> <span class='ocrx_word' id='word_1_123' title='bbox 1848 3179 2034 3263; x_wconf 87' lang='lat' dir='ltr'><strong>Peregrinus</strong></span> 
     </span>
     <span class='ocr_line' id='line_1_19' title="bbox 203 3275 2033 3362; baseline -0.001 -18"><span class='ocrx_word' id='word_1_124' title='bbox 203 3297 281 3362; x_wconf 86' lang='lat' dir='ltr'><strong>ager</strong></span> <span class='ocrx_word' id='word_1_125' title='bbox 298 3278 469 3344; x_wconf 89' lang='lat' dir='ltr'><strong>secundum</strong></span> <span class='ocrx_word' id='word_1_126' title='bbox 491 3297 626 3361; x_wconf 88' lang='lat' dir='ltr'><strong>augures</strong></span> <span class='ocrx_word' id='word_1_127' title='bbox 648 3279 789 3361; x_wconf 87' lang='lat' dir='ltr'><strong>publicos</strong></span> <span class='ocrx_word' id='word_1_128' title='bbox 812 3286 862 3344; x_wconf 88' lang='lat' dir='ltr'><strong>est</strong></span> <span class='ocrx_word' id='word_1_129' title='bbox 878 3297 955 3361; x_wconf 89' lang='lat' dir='ltr'><strong>ager</strong></span> <span class='ocrx_word' id='word_1_130' title='bbox 975 3284 1106 3359; x_wconf 88' lang='lat' dir='ltr'><strong>pacatus</strong></span> <span class='ocrx_word' id='word_1_131' title='bbox 1128 3285 1217 3344; x_wconf 84' lang='lat' dir='ltr'><strong>extra</strong></span> <span class='ocrx_word' id='word_1_132' title='bbox 1238 3277 1412 3343; x_wconf 88' lang='lat' dir='ltr'><strong>Romanum</strong></span> <span class='ocrx_word' id='word_1_133' title='bbox 1434 3281 1468 3341; x_wconf 89' lang='lat' dir='ltr'><strong>et</strong></span> <span class='ocrx_word' id='word_1_134' title='bbox 1489 3275 1655 3358; x_wconf 87' lang='lat' dir='ltr'><strong>Gabinum,</strong></span> <span class='ocrx_word' id='word_1_135' title='bbox 1677 3277 1732 3359; x_wconf 92' lang='lat' dir='ltr'><strong>qui</strong></span> <span class='ocrx_word' id='word_1_136' title='bbox 1753 3297 1813 3344; x_wconf 91' lang='lat' dir='ltr'><strong>usu</strong></span> <span class='ocrx_word' id='word_1_137' title='bbox 1833 3284 1866 3345; x_wconf 89' lang='lat' dir='ltr'><strong>et</strong></span> <span class='ocrx_word' id='word_1_138' title='bbox 1881 3281 1952 3360; x_wconf 87' lang='lat' dir='ltr'><strong>jure</strong></span> <span class='ocrx_word' id='word_1_139' title='bbox 1977 3295 2033 3343; x_wconf 86' lang='lat' dir='ltr'><strong>au·</strong></span> 
     </span>
     <span class='ocr_line' id='line_1_20' title="bbox 203 3375 1536 3461; baseline 0.002 -19"><span class='ocrx_word' id='word_1_140' title='bbox 203 3397 316 3461; x_wconf 88' lang='lat' dir='ltr'><strong>garum</strong></span> <span class='ocrx_word' id='word_1_141' title='bbox 338 3396 357 3442; x_wconf 90' lang='lat' dir='ltr'><strong>a</strong></span> <span class='ocrx_word' id='word_1_142' title='bbox 376 3376 540 3458; x_wconf 87' lang='lat' dir='ltr'><strong>peregrino</strong></span> <span class='ocrx_word' id='word_1_143' title='bbox 563 3377 761 3444; x_wconf 86' lang='lat' dir='ltr'><strong>discernitur.</strong></span> <span class='ocrx_word' id='word_1_144' title='bbox 802 3379 852 3443; x_wconf 86' lang='lat' dir='ltr'><strong>hd</strong></span> <span class='ocrx_word' id='word_1_145' title='bbox 874 3395 940 3442; x_wconf 89' lang='lat' dir='ltr'><strong>rem</strong></span> <span class='ocrx_word' id='word_1_146' title='bbox 962 3377 1000 3445; x_wconf 93' lang='lat' dir='ltr'><strong>cl.</strong></span> <span class='ocrx_word' id='word_1_147' title='bbox 1022 3375 1109 3442; x_wconf 85' lang='lat' dir='ltr'><strong>Serv.</strong></span> <span class='ocrx_word' id='word_1_148' title='bbox 1131 3377 1173 3442; x_wconf 92' lang='lat' dir='ltr'><strong>ad</strong></span> <span class='ocrx_word' id='word_1_149' title='bbox 1194 3377 1288 3460; x_wconf 89' lang='lat' dir='ltr'><strong>Verg.</strong></span> <span class='ocrx_word' id='word_1_150' title='bbox 1309 3378 1388 3443; x_wconf 85' lang='lat' dir='ltr'><strong>hen.</strong></span> <span class='ocrx_word' id='word_1_151' title='bbox 1409 3375 1441 3442; x_wconf 95' lang='lat' dir='ltr'><strong>lI</strong></span> <span class='ocrx_word' id='word_1_152' title='bbox 1466 3377 1536 3444; x_wconf 78' lang='lat'><strong>178.</strong></span> 
     </span>
    </p>

    <p class='ocr_par' dir='ltr' id='par_1_10' title="bbox 204 3473 2037 3658">
     <span class='ocr_line' id='line_1_21' title="bbox 354 3473 2037 3559; baseline -0.001 -17"><span class='ocrx_word' id='word_1_153' title='bbox 354 3480 373 3542; x_wconf 80' lang='lat'><strong>2</strong></span> <span class='ocrx_word' id='word_1_154' title='bbox 407 3475 542 3558; x_wconf 81' lang='lat' dir='ltr'><strong>(haleg.</strong></span> <span class='ocrx_word' id='word_1_155' title='bbox 555 3475 587 3542; x_wconf 90' lang='lat'><strong>11</strong></span> <span class='ocrx_word' id='word_1_156' title='bbox 601 3478 703 3557; x_wconf 70' lang='lat' dir='ltr'><strong>lael.</strong></span> <span class='ocrx_word' id='word_1_157' title='bbox 747 3476 829 3554; x_wconf 88' lang='lat' dir='ltr'><strong>Quid</strong></span> <span class='ocrx_word' id='word_1_158' title='bbox 840 3475 967 3559; x_wconf 73' lang='lat' dir='ltr'><strong>gramm</strong></span> <span class='ocrx_word' id='word_1_159' title='bbox 976 3495 1071 3558; x_wconf 88' lang='lat' dir='ltr'><strong>quam</strong></span> <span class='ocrx_word' id='word_1_160' title='bbox 1087 3495 1153 3542; x_wconf 91' lang='lat' dir='ltr'><strong>rem</strong></span> <span class='ocrx_word' id='word_1_161' title='bbox 1170 3480 1348 3557; x_wconf 86' lang='lat' dir='ltr'><strong>susceptum</strong></span> <span class='ocrx_word' id='word_1_162' title='bbox 1364 3473 1476 3555; x_wconf 90' lang='lat' dir='ltr'><strong>dirimi,</strong></span> <span class='ocrx_word' id='word_1_163' title='bbox 1500 3473 1619 3538; x_wconf 88' lang='lat' dir='ltr'><strong>siunm</strong></span> <span class='ocrx_word' id='word_1_164' title='bbox 1640 3494 1741 3558; x_wconf 90' lang='lat' dir='ltr'><strong>augur</strong></span> <span class='ocrx_word' id='word_1_165' title='bbox 1766 3511 1804 3524; x_wconf 90' lang='lat'><em>-</em></span> <span class='ocrx_word' id='word_1_166' title='bbox 1827 3476 1962 3544; x_wconf 76' lang='lat' dir='ltr'><strong>direnti</strong></span> <span class='ocrx_word' id='word_1_167' title='bbox 1995 3477 2037 3542; x_wconf 94' lang='lat' dir='ltr'><strong>id.</strong></span> 
     </span>
     <span class='ocr_line' id='line_1_22' title="bbox 204 3573 1484 3658; baseline -0.002 -16"><span class='ocrx_word' id='word_1_168' title='bbox 204 3595 251 3642; x_wconf 91' lang='lat' dir='ltr'><strong>or.</strong></span> <span class='ocrx_word' id='word_1_169' title='bbox 272 3575 350 3642; x_wconf 87' lang='lat' dir='ltr'><strong>Phil.</strong></span> <span class='ocrx_word' id='word_1_170' title='bbox 370 3575 402 3640; x_wconf 95' lang='lat' dir='ltr'><strong>Il</strong></span> <span class='ocrx_word' id='word_1_171' title='bbox 424 3575 531 3654; x_wconf 63' lang='lat'><strong>3883.</strong></span> <span class='ocrx_word' id='word_1_172' title='bbox 575 3573 724 3642; x_wconf 86' lang='lat' dir='ltr'><strong>Confecto</strong></span> <span class='ocrx_word' id='word_1_173' title='bbox 746 3576 872 3657; x_wconf 86' lang='lat' dir='ltr'><strong>negotio</strong></span> <span class='ocrx_word' id='word_1_174' title='bbox 893 3575 994 3642; x_wconf 89' lang='lat' dir='ltr'><strong>bonus</strong></span> <span class='ocrx_word' id='word_1_175' title='bbox 1016 3593 1117 3658; x_wconf 88' lang='lat' dir='ltr'><strong>augur</strong></span> <span class='ocrx_word' id='word_1_176' title='bbox 1140 3611 1181 3621; x_wconf 96' lang='lat'><strong>—</strong></span> <span class='ocrx_word' id='word_1_177' title='bbox 1203 3574 1313 3657; x_wconf 88' lang='lat' dir='ltr'><strong>inquit.</strong></span> <span class='ocrx_word' id='word_1_178' title='bbox 1336 3573 1410 3642; x_wconf 90' lang='lat' dir='ltr'><strong>ibid.</strong></span> <span class='ocrx_word' id='word_1_179' title='bbox 1432 3577 1484 3642; x_wconf 84' lang='lat'><strong>84.</strong></span> 
     </span>
    </p>

    <p class='ocr_par' dir='ltr' id='par_1_11' title="bbox 203 3671 2034 3938">
     <span class='ocr_line' id='line_1_23' title="bbox 353 3671 2034 3757; baseline 0.001 -19"><span class='ocrx_word' id='word_1_180' title='bbox 353 3675 373 3738; x_wconf 88' lang='grc'><strong>3</strong></span> <span class='ocrx_word' id='word_1_181' title='bbox 407 3674 508 3739; x_wconf 90' lang='lat' dir='ltr'><strong>Varro</strong></span> <span class='ocrx_word' id='word_1_182' title='bbox 530 3672 550 3738; x_wconf 98' lang='lat' dir='ltr'><strong>l.</strong></span> <span class='ocrx_word' id='word_1_183' title='bbox 572 3672 593 3737; x_wconf 94' lang='lat' dir='ltr'><strong>l.</strong></span> <span class='ocrx_word' id='word_1_184' title='bbox 615 3673 676 3739; x_wconf 86' lang='lat' dir='ltr'><strong>Vll</strong></span> <span class='ocrx_word' id='word_1_185' title='bbox 696 3674 734 3740; x_wconf 89' lang='lat'><strong>31</strong></span> <span class='ocrx_word' id='word_1_186' title='bbox 770 3710 810 3722; x_wconf 91' lang='lat'><em>-</em></span> <span class='ocrx_word' id='word_1_187' title='bbox 845 3675 902 3740; x_wconf 91' lang='lat' dir='ltr'><strong>bos</strong></span> <span class='ocrx_word' id='word_1_188' title='bbox 934 3673 1019 3756; x_wconf 91' lang='lat' dir='ltr'><strong>apud</strong></span> <span class='ocrx_word' id='word_1_189' title='bbox 1050 3693 1198 3757; x_wconf 77' lang='lat' dir='ltr'><strong>augureS,</strong></span> <span class='ocrx_word' id='word_1_190' title='bbox 1235 3693 1329 3756; x_wconf 90' lang='lat' dir='ltr'><strong>quam</strong></span> <span class='ocrx_word' id='word_1_191' title='bbox 1362 3673 1479 3739; x_wconf 91' lang='lat' dir='ltr'><strong>circum</strong></span> <span class='ocrx_word' id='word_1_192' title='bbox 1515 3675 1594 3740; x_wconf 92' lang='lat' dir='ltr'><strong>aliae</strong></span> <span class='ocrx_word' id='word_1_193' title='bbox 1632 3671 1754 3738; x_wconf 89' lang='lat' dir='ltr'><strong>hostiae</strong></span> <span class='ocrx_word' id='word_1_194' title='bbox 1791 3673 2034 3740; x_wconf 88' lang='lat' dir='ltr'><strong>constituuntur.</strong></span> 
     </span>
     <span class='ocr_line' id='line_1_24' title="bbox 203 3771 2033 3856; baseline -0.001 -18"><span class='ocrx_word' id='word_1_195' title='bbox 203 3772 242 3838; x_wconf 90' lang='lat' dir='ltr'><strong>ol.</strong></span> <span class='ocrx_word' id='word_1_196' title='bbox 263 3771 351 3836; x_wconf 91' lang='lat' dir='ltr'><strong>Paul.</strong></span> <span class='ocrx_word' id='word_1_197' title='bbox 374 3776 403 3854; x_wconf 84' lang='lat'><strong>4,</strong></span> <span class='ocrx_word' id='word_1_198' title='bbox 428 3771 515 3837; x_wconf 88' lang='lat' dir='ltr'><strong>Mdll.</strong></span> <span class='ocrx_word' id='word_1_199' title='bbox 548 3772 702 3856; x_wconf 76' lang='lat' dir='ltr'><strong>Ambegni</strong></span> <span class='ocrx_word' id='word_1_200' title='bbox 724 3775 780 3840; x_wconf 86' lang='lat' dir='ltr'><strong>bos</strong></span> <span class='ocrx_word' id='word_1_201' title='bbox 802 3778 835 3839; x_wconf 90' lang='lat' dir='ltr'><strong>et</strong></span> <span class='ocrx_word' id='word_1_202' title='bbox 855 3773 962 3838; x_wconf 82' lang='lat' dir='ltr'><strong>verbix</strong></span> <span class='ocrx_word' id='word_1_203' title='bbox 984 3773 1231 3854; x_wconf 87' lang='lat' dir='ltr'><strong>appellabantur,</strong></span> <span class='ocrx_word' id='word_1_204' title='bbox 1254 3791 1350 3854; x_wconf 89' lang='lat' dir='ltr'><strong>quum</strong></span> <span class='ocrx_word' id='word_1_205' title='bbox 1374 3772 1415 3837; x_wconf 89' lang='lat' dir='ltr'><strong>ad</strong></span> <span class='ocrx_word' id='word_1_206' title='bbox 1437 3791 1544 3838; x_wconf 90' lang='lat' dir='ltr'><strong>eorum</strong></span> <span class='ocrx_word' id='word_1_207' title='bbox 1565 3777 1699 3854; x_wconf 88' lang='lat' dir='ltr'><strong>utraque</strong></span> <span class='ocrx_word' id='word_1_208' title='bbox 1720 3773 1821 3839; x_wconf 89' lang='lat' dir='ltr'><strong>latera</strong></span> <span class='ocrx_word' id='word_1_209' title='bbox 1842 3772 1961 3856; x_wconf 88' lang='lat' dir='ltr'><strong>agniin</strong></span> <span class='ocrx_word' id='word_1_210' title='bbox 1983 3791 2033 3837; x_wconf 90' lang='lat' dir='ltr'><strong>sa-</strong></span> 
     </span>
     <span class='ocr_line' id='line_1_25' title="bbox 205 3869 583 3938; baseline -0.005 0"><span class='ocrx_word' id='word_1_211' title='bbox 205 3869 356 3938; x_wconf 82' lang='lat' dir='ltr'><strong>crificium</strong></span> <span class='ocrx_word' id='word_1_212' title='bbox 380 3872 583 3938; x_wconf 86' lang='lat' dir='ltr'><strong>ducebantur.</strong></span> 
     </span>
    </p>

    <p class='ocr_par' dir='ltr' id='par_1_12' title="bbox 203 3967 2039 4236">
     <span class='ocr_line' id='line_1_26' title="bbox 353 3967 2037 4052; baseline 0 -18"><span class='ocrx_word' id='word_1_213' title='bbox 353 3973 374 4034; x_wconf 78' lang='lat'>4</span> <span class='ocrx_word' id='word_1_214' title='bbox 404 3970 491 4036; x_wconf 88' lang='lat' dir='ltr'><strong>Paul.</strong></span> <span class='ocrx_word' id='word_1_215' title='bbox 515 3973 562 4036; x_wconf 89' lang='lat'><strong>16.</strong></span> <span class='ocrx_word' id='word_1_216' title='bbox 585 3971 701 4038; x_wconf 83' lang='lat' dir='ltr'><strong>Arcani</strong></span> <span class='ocrx_word' id='word_1_217' title='bbox 723 3969 878 4038; x_wconf 90' lang='lat' dir='ltr'><strong>sermonis</strong></span> <span class='ocrx_word' id='word_1_218' title='bbox 900 3968 1087 4052; x_wconf 88' lang='lat' dir='ltr'><strong>significatio</strong></span> <span class='ocrx_word' id='word_1_219' title='bbox 1109 3989 1128 4034; x_wconf 95' lang='lat' dir='ltr'><strong>a</strong></span> <span class='ocrx_word' id='word_1_220' title='bbox 1150 3987 1264 4052; x_wconf 87' lang='lat' dir='ltr'><strong>genere</strong></span> <span class='ocrx_word' id='word_1_221' title='bbox 1286 3969 1439 4050; x_wconf 86' lang='lat' dir='ltr'><strong>sacrificii,</strong></span> <span class='ocrx_word' id='word_1_222' title='bbox 1473 3970 1557 4052; x_wconf 92' lang='lat' dir='ltr'><strong>quod</strong></span> <span class='ocrx_word' id='word_1_223' title='bbox 1578 3970 1610 4034; x_wconf 91' lang='lat' dir='ltr'><strong>in</strong></span> <span class='ocrx_word' id='word_1_224' title='bbox 1632 3985 1704 4032; x_wconf 86' lang='lat' dir='ltr'><strong>arce</strong></span> <span class='ocrx_word' id='word_1_225' title='bbox 1725 3967 1765 4032; x_wconf 89' lang='lat' dir='ltr'><strong>iit</strong></span> <span class='ocrx_word' id='word_1_226' title='bbox 1791 3969 1832 4034; x_wconf 88' lang='lat' dir='ltr'><strong>ab</strong></span> <span class='ocrx_word' id='word_1_227' title='bbox 1854 3969 2037 4052; x_wconf 87' lang='lat' dir='ltr'><strong>auguribus,</strong></span> 
     </span>
     <span class='ocr_line' id='line_1_27' title="bbox 203 4067 2039 4151; baseline -0.001 -16"><span class='ocrx_word' id='word_1_228' title='bbox 203 4070 283 4136; x_wconf 87' lang='lat' dir='ltr'><strong>adeo</strong></span> <span class='ocrx_word' id='word_1_229' title='bbox 304 4073 458 4134; x_wconf 86' lang='lat' dir='ltr'><strong>remotum</strong></span> <span class='ocrx_word' id='word_1_230' title='bbox 480 4087 500 4132; x_wconf 89' lang='lat' dir='ltr'><strong>a</strong></span> <span class='ocrx_word' id='word_1_231' title='bbox 520 4069 635 4134; x_wconf 88' lang='lat' dir='ltr'><strong>notitia</strong></span> <span class='ocrx_word' id='word_1_232' title='bbox 655 4067 786 4151; x_wconf 87' lang='lat' dir='ltr'><strong>vulgari,</strong></span> <span class='ocrx_word' id='word_1_233' title='bbox 810 4075 847 4134; x_wconf 91' lang='lat' dir='ltr'><strong>ut</strong></span> <span class='ocrx_word' id='word_1_234' title='bbox 868 4087 907 4135; x_wconf 88' lang='lat' dir='ltr'><strong>ne</strong></span> <span class='ocrx_word' id='word_1_235' title='bbox 928 4069 1027 4136; x_wconf 85' lang='lat' dir='ltr'><strong>literis</strong></span> <span class='ocrx_word' id='word_1_236' title='bbox 1048 4069 1176 4151; x_wconf 90' lang='lat' dir='ltr'><strong>quidem</strong></span> <span class='ocrx_word' id='word_1_237' title='bbox 1197 4069 1371 4148; x_wconf 88' lang='lat' dir='ltr'><strong>mandetur,</strong></span> <span class='ocrx_word' id='word_1_238' title='bbox 1384 4069 1440 4134; x_wconf 91' lang='lat' dir='ltr'><strong>sed</strong></span> <span class='ocrx_word' id='word_1_239' title='bbox 1461 4088 1519 4151; x_wconf 90' lang='lat' dir='ltr'><strong>per</strong></span> <span class='ocrx_word' id='word_1_240' title='bbox 1539 4068 1721 4134; x_wconf 89' lang='lat' dir='ltr'><strong>memoriam</strong></span> <span class='ocrx_word' id='word_1_241' title='bbox 1742 4086 1963 4134; x_wconf 87' lang='lat' dir='ltr'><strong>successorum</strong></span> <span class='ocrx_word' id='word_1_242' title='bbox 1989 4086 2039 4134; x_wconf 89' lang='lat' dir='ltr'><strong>ce·</strong></span> 
     </span>
     <span class='ocr_line' id='line_1_28' title="bbox 205 4165 857 4236; baseline -0.002 -3"><span class='ocrx_word' id='word_1_243' title='bbox 205 4169 351 4236; x_wconf 91' lang='lat' dir='ltr'><strong>lebretur.</strong></span> <span class='ocrx_word' id='word_1_244' title='bbox 394 4169 432 4232; x_wconf 90' lang='lat' dir='ltr'><strong>cl.</strong></span> <span class='ocrx_word' id='word_1_245' title='bbox 454 4168 539 4234; x_wconf 86' lang='lat' dir='ltr'><strong>Serv.</strong></span> <span class='ocrx_word' id='word_1_246' title='bbox 562 4169 603 4234; x_wconf 91' lang='lat' dir='ltr'><strong>od</strong></span> <span class='ocrx_word' id='word_1_247' title='bbox 623 4169 702 4234; x_wconf 90' lang='lat' dir='ltr'><strong>Aen.</strong></span> <span class='ocrx_word' id='word_1_248' title='bbox 726 4165 857 4232; x_wconf 76' lang='lat'><strong>111265.</strong></span> 
     </span>
    </p>

    <p class='ocr_par' dir='ltr' id='par_1_13' title="bbox 204 4264 2037 4548">
     <span class='ocr_line' id='line_1_29' title="bbox 356 4264 2037 4350; baseline -0.001 -19"><span class='ocrx_word' id='word_1_249' title='bbox 356 4270 375 4331; x_wconf 81' lang='lat'>5</span> <span class='ocrx_word' id='word_1_250' title='bbox 408 4267 508 4332; x_wconf 89' lang='lat' dir='ltr'><strong>Varro</strong></span> <span class='ocrx_word' id='word_1_251' title='bbox 530 4266 549 4330; x_wconf 94' lang='lat'><strong>1.</strong></span> <span class='ocrx_word' id='word_1_252' title='bbox 571 4267 591 4332; x_wconf 94' lang='lat' dir='ltr'><strong>l.</strong></span> <span class='ocrx_word' id='word_1_253' title='bbox 614 4265 719 4346; x_wconf 66' lang='lat' dir='ltr'><strong>vum.</strong></span> <span class='ocrx_word' id='word_1_254' title='bbox 766 4265 922 4334; x_wconf 87' lang='lat' dir='ltr'><strong>Adscrere</strong></span> <span class='ocrx_word' id='word_1_255' title='bbox 942 4283 1037 4334; x_wconf 86' lang='lat' dir='ltr'><strong>mauu</strong></span> <span class='ocrx_word' id='word_1_256' title='bbox 1069 4266 1101 4332; x_wconf 92' lang='lat' dir='ltr'><strong>in</strong></span> <span class='ocrx_word' id='word_1_257' title='bbox 1122 4265 1310 4348; x_wconf 87' lang='lat' dir='ltr'><strong>libertatem,</strong></span> <span class='ocrx_word' id='word_1_258' title='bbox 1325 4285 1419 4350; x_wconf 93' lang='lat' dir='ltr'><strong>quom</strong></span> <span class='ocrx_word' id='word_1_259' title='bbox 1447 4265 1637 4350; x_wconf 90' lang='lat' dir='ltr'><strong>prendimus.</strong></span> <span class='ocrx_word' id='word_1_260' title='bbox 1691 4264 1744 4331; x_wconf 88' lang='lat' dir='ltr'><strong>Sic</strong></span> <span class='ocrx_word' id='word_1_261' title='bbox 1765 4284 1899 4348; x_wconf 69' lang='lat' dir='ltr'><strong>angues</strong></span> <span class='ocrx_word' id='word_1_262' title='bbox 1916 4267 2037 4332; x_wconf 90' lang='lat' dir='ltr'><strong>dicunt:</strong></span> 
     </span>
     <span class='ocr_line' id='line_1_30' title="bbox 204 4364 2035 4449; baseline -0.002 -15"><span class='ocrx_word' id='word_1_263' title='bbox 204 4368 252 4449; x_wconf 90' lang='lat' dir='ltr'><strong>,Si</strong></span> <span class='ocrx_word' id='word_1_264' title='bbox 273 4366 349 4431; x_wconf 91' lang='lat' dir='ltr'><strong>mihi</strong></span> <span class='ocrx_word' id='word_1_265' title='bbox 370 4373 535 4432; x_wconf 88' lang='lat' dir='ltr'><strong>auctores</strong></span> <span class='ocrx_word' id='word_1_266' title='bbox 558 4367 725 4430; x_wconf 84' lang='lat' dir='ltr'><strong>verbenam</strong></span> <span class='ocrx_word' id='word_1_267' title='bbox 747 4364 806 4448; x_wconf 91' lang='lat' dir='ltr'><strong>(sic</strong></span> <span class='ocrx_word' id='word_1_268' title='bbox 820 4365 926 4447; x_wconf 85' lang='lat' dir='ltr'><strong>Bergk</strong></span> <span class='ocrx_word' id='word_1_269' title='bbox 944 4383 1001 4448; x_wconf 90' lang='lat' dir='ltr'><strong>pro</strong></span> <span class='ocrx_word' id='word_1_270' title='bbox 1023 4365 1092 4431; x_wconf 88' lang='lat' dir='ltr'><strong>cod.</strong></span> <span class='ocrx_word' id='word_1_271' title='bbox 1115 4384 1174 4431; x_wconf 90' lang='lat' dir='ltr'><strong>scr.</strong></span> <span class='ocrx_word' id='word_1_272' title='bbox 1198 4366 1284 4432; x_wconf 88' lang='lat' dir='ltr'><strong>verbi</strong></span> <span class='ocrx_word' id='word_1_273' title='bbox 1296 4416 1322 4430; x_wconf 95' lang='lat'><strong>..</strong></span> <span class='ocrx_word' id='word_1_274' title='bbox 1344 4367 1429 4445; x_wconf 86' lang='lat' dir='ltr'><strong>nam)</strong></span> <span class='ocrx_word' id='word_1_275' title='bbox 1456 4383 1550 4430; x_wconf 91' lang='lat' dir='ltr'><strong>manu</strong></span> <span class='ocrx_word' id='word_1_276' title='bbox 1565 4369 1717 4432; x_wconf 89' lang='lat' dir='ltr'><strong>asserere‘</strong></span> <span class='ocrx_word' id='word_1_277' title='bbox 1733 4365 1831 4431; x_wconf 86' lang='lat' dir='ltr'><strong>dicit.</strong></span> <span class='ocrx_word' id='word_1_278' title='bbox 1851 4371 2035 4432; x_wconf 79' lang='lat' dir='ltr'><strong>,consortes</strong></span> 
     </span>
     <span class='ocr_line' id='line_1_31' title="bbox 205 4463 857 4548; baseline -0.008 -15"><span class='ocrx_word' id='word_1_279' title='bbox 205 4466 321 4548; x_wconf 85' lang='lat' dir='ltr'><strong>(Locus</strong></span> <span class='ocrx_word' id='word_1_280' title='bbox 342 4465 551 4548; x_wconf 89' lang='lat' dir='ltr'><strong>perobscurus</strong></span> <span class='ocrx_word' id='word_1_281' title='bbox 574 4463 647 4546; x_wconf 86' lang='lat' dir='ltr'><strong>quia</strong></span> <span class='ocrx_word' id='word_1_282' title='bbox 669 4468 857 4544; x_wconf 84' lang='lat' dir='ltr'><strong>corruptus)</strong></span> 
     </span>
    </p>

    <p class='ocr_par' dir='ltr' id='par_1_14' title="bbox 203 4561 2038 4845">
     <span class='ocr_line' id='line_1_32' title="bbox 354 4561 2038 4646; baseline -0.001 -18"><span class='ocrx_word' id='word_1_283' title='bbox 354 4566 373 4628; x_wconf 88' lang='lat'>6</span> <span class='ocrx_word' id='word_1_284' title='bbox 405 4563 469 4629; x_wconf 86' lang='lat' dir='ltr'><strong>Cic.</strong></span> <span class='ocrx_word' id='word_1_285' title='bbox 492 4562 552 4645; x_wconf 90' lang='lat' dir='ltr'><strong>leg.</strong></span> <span class='ocrx_word' id='word_1_286' title='bbox 575 4563 646 4629; x_wconf 87' lang='lat'><strong>118.</strong></span> <span class='ocrx_word' id='word_1_287' title='bbox 669 4565 860 4646; x_wconf 89' lang='lat' dir='ltr'><strong>Interpretes</strong></span> <span class='ocrx_word' id='word_1_288' title='bbox 888 4569 993 4630; x_wconf 88' lang='lat' dir='ltr'><strong>autem</strong></span> <span class='ocrx_word' id='word_1_289' title='bbox 1024 4561 1113 4627; x_wconf 85' lang='lat' dir='ltr'><strong>Jovis</strong></span> <span class='ocrx_word' id='word_1_290' title='bbox 1135 4561 1252 4644; x_wconf 91' lang='lat' dir='ltr'><strong>Optimi</strong></span> <span class='ocrx_word' id='word_1_291' title='bbox 1274 4563 1402 4629; x_wconf 85' lang='lat' dir='ltr'><strong>Maximi</strong></span> <span class='ocrx_word' id='word_1_292' title='bbox 1424 4563 1539 4645; x_wconf 91' lang='lat' dir='ltr'><strong>publici</strong></span> <span class='ocrx_word' id='word_1_293' title='bbox 1561 4579 1699 4644; x_wconf 86' lang='lat' dir='ltr'><strong>augures</strong></span> <span class='ocrx_word' id='word_1_294' title='bbox 1721 4567 1779 4627; x_wconf 89' lang='lat' dir='ltr'><strong>etc.</strong></span> <span class='ocrx_word' id='word_1_295' title='bbox 1828 4561 1941 4626; x_wconf 88' lang='lat' dir='ltr'><strong>Festus</strong></span> <span class='ocrx_word' id='word_1_296' title='bbox 1963 4563 2038 4627; x_wconf 83' lang='lat'><strong>261.</strong></span> 
     </span>
     <span class='ocr_line' id='line_1_33' title="bbox 204 4661 2036 4746; baseline -0.001 -19"><span class='ocrx_word' id='word_1_297' title='bbox 204 4662 345 4746; x_wconf 87' lang='lat' dir='ltr'><strong>Quinque</strong></span> <span class='ocrx_word' id='word_1_298' title='bbox 368 4679 484 4744; x_wconf 90' lang='lat' dir='ltr'><strong>genera</strong></span> <span class='ocrx_word' id='word_1_299' title='bbox 502 4662 661 4744; x_wconf 89' lang='lat' dir='ltr'><strong>signorum</strong></span> <span class='ocrx_word' id='word_1_300' title='bbox 683 4663 852 4728; x_wconf 86' lang='lat' dir='ltr'><strong>observant</strong></span> <span class='ocrx_word' id='word_1_301' title='bbox 870 4679 1014 4743; x_wconf 69' lang='lat' dir='ltr'><strong>angues,</strong></span> <span class='ocrx_word' id='word_1_302' title='bbox 1037 4680 1075 4726; x_wconf 85' lang='lat' dir='ltr'><strong>er</strong></span> <span class='ocrx_word' id='word_1_303' title='bbox 1096 4662 1193 4744; x_wconf 88' lang='lat' dir='ltr'><strong>caelo,</strong></span> <span class='ocrx_word' id='word_1_304' title='bbox 1216 4683 1255 4729; x_wconf 84' lang='lat' dir='ltr'><strong>ex</strong></span> <span class='ocrx_word' id='word_1_305' title='bbox 1276 4665 1396 4743; x_wconf 87' lang='lat' dir='ltr'><strong>avibus,</strong></span> <span class='ocrx_word' id='word_1_306' title='bbox 1413 4681 1451 4728; x_wconf 83' lang='lat' dir='ltr'><strong>ex</strong></span> <span class='ocrx_word' id='word_1_307' title='bbox 1466 4662 1621 4745; x_wconf 86' lang='lat' dir='ltr'><strong>tripudiis,</strong></span> <span class='ocrx_word' id='word_1_308' title='bbox 1645 4681 1684 4726; x_wconf 83' lang='lat' dir='ltr'><strong>er</strong></span> <span class='ocrx_word' id='word_1_309' title='bbox 1710 4661 1974 4743; x_wconf 84' lang='lat' dir='ltr'><strong>quadrupedibus,</strong></span> <span class='ocrx_word' id='word_1_310' title='bbox 1997 4680 2036 4726; x_wconf 86' lang='lat' dir='ltr'><strong>ex</strong></span> 
     </span>
     <span class='ocr_line' id='line_1_34' title="bbox 203 4759 890 4845; baseline -0.006 -17"><span class='ocrx_word' id='word_1_311' title='bbox 203 4763 288 4845; x_wconf 81' lang='lat' dir='ltr'><strong>diris,</strong></span> <span class='ocrx_word' id='word_1_312' title='bbox 311 4770 347 4828; x_wconf 92' lang='lat' dir='ltr'><strong>ut</strong></span> <span class='ocrx_word' id='word_1_313' title='bbox 368 4771 418 4830; x_wconf 89' lang='lat' dir='ltr'><strong>est</strong></span> <span class='ocrx_word' id='word_1_314' title='bbox 438 4761 469 4826; x_wconf 91' lang='lat' dir='ltr'><strong>iu</strong></span> <span class='ocrx_word' id='word_1_315' title='bbox 491 4762 706 4842; x_wconf 87' lang='lat' dir='ltr'><strong>auguralibus.</strong></span> <span class='ocrx_word' id='word_1_316' title='bbox 748 4759 838 4826; x_wconf 85' lang='lat' dir='ltr'><strong>Paul.</strong></span> <span class='ocrx_word' id='word_1_317' title='bbox 863 4765 890 4824; x_wconf 91' lang='lat' dir='ltr'><strong>l.</strong></span> 
     </span>
    </p>

    <p class='ocr_par' dir='ltr' id='par_1_15' title="bbox 354 4859 1375 4944">
     <span class='ocr_line' id='line_1_35' title="bbox 354 4859 1375 4944; baseline -0.001 -16"><span class='ocrx_word' id='word_1_318' title='bbox 354 4863 469 4928; x_wconf 85' lang='lat' dir='ltr'><strong>Forma</strong></span> <span class='ocrx_word' id='word_1_319' title='bbox 490 4861 648 4942; x_wconf 86' lang='lat' dir='ltr'><strong>antiquior</strong></span> <span class='ocrx_word' id='word_1_320' title='bbox 669 4866 719 4926; x_wconf 87' lang='lat' dir='ltr'><strong>est</strong></span> <span class='ocrx_word' id='word_1_321' title='bbox 740 4877 838 4942; x_wconf 89' lang='lat' dir='ltr'><strong>auger</strong></span> <span class='ocrx_word' id='word_1_322' title='bbox 860 4859 970 4940; x_wconf 83' lang='lat' dir='ltr'><strong>(Prisc.</strong></span> <span class='ocrx_word' id='word_1_323' title='bbox 993 4879 1023 4944; x_wconf 93' lang='lat' dir='ltr'><strong>p.</strong></span> <span class='ocrx_word' id='word_1_324' title='bbox 1047 4860 1165 4941; x_wconf 78' lang='lat' dir='ltr'><strong>554P.)</strong></span> <span class='ocrx_word' id='word_1_325' title='bbox 1190 4879 1218 4926; x_wconf 85' lang='lat' dir='ltr'><strong>v.</strong></span> <span class='ocrx_word' id='word_1_326' title='bbox 1239 4863 1375 4942; x_wconf 79' lang='lat' dir='ltr'><strong>Auspex.</strong></span> 
     </span>
    </p>

    <p class='ocr_par' dir='ltr' id='par_1_16' title="bbox 202 4957 2040 5144">
     <span class='ocr_line' id='line_1_36' title="bbox 354 4957 2040 5044; baseline -0.003 -17"><span class='ocrx_word' id='word_1_327' title='bbox 354 4967 371 5026; x_wconf 82' lang='lat'>7</span> <span class='ocrx_word' id='word_1_328' title='bbox 401 4959 488 5026; x_wconf 86' lang='lat' dir='ltr'><strong>Paul.</strong></span> <span class='ocrx_word' id='word_1_329' title='bbox 513 4961 561 5026; x_wconf 90' lang='lat'><strong>16.</strong></span> <span class='ocrx_word' id='word_1_330' title='bbox 584 4995 625 5006; x_wconf 93' lang='lat'>—</span> <span class='ocrx_word' id='word_1_331' title='bbox 646 4958 847 5043; x_wconf 89' lang='lat' dir='ltr'><strong>appellabant</strong></span> <span class='ocrx_word' id='word_1_332' title='bbox 867 4961 996 5044; x_wconf 89' lang='lat' dir='ltr'><strong>antiqui,</strong></span> <span class='ocrx_word' id='word_1_333' title='bbox 1019 4979 1113 5042; x_wconf 89' lang='lat' dir='ltr'><strong>quam</strong></span> <span class='ocrx_word' id='word_1_334' title='bbox 1134 4978 1192 5026; x_wconf 90' lang='lat' dir='ltr'><strong>nos</strong></span> <span class='ocrx_word' id='word_1_335' title='bbox 1214 4979 1319 5026; x_wconf 88' lang='lat' dir='ltr'><strong>arcem</strong></span> <span class='ocrx_word' id='word_1_336' title='bbox 1341 4959 1483 5040; x_wconf 86' lang='lat' dir='ltr'><strong>dicimus,</strong></span> <span class='ocrx_word' id='word_1_337' title='bbox 1506 4959 1644 5042; x_wconf 92' lang='lat' dir='ltr'><strong>quodibi</strong></span> <span class='ocrx_word' id='word_1_338' title='bbox 1667 4977 1802 5042; x_wconf 88' lang='lat' dir='ltr'><strong>augures</strong></span> <span class='ocrx_word' id='word_1_339' title='bbox 1824 4957 1939 5038; x_wconf 91' lang='lat' dir='ltr'><strong>publici</strong></span> <span class='ocrx_word' id='word_1_340' title='bbox 1969 4958 2040 5038; x_wconf 85' lang='lat' dir='ltr'><strong>(sic.</strong></span> 
     </span>
     <span class='ocr_line' id='line_1_37' title="bbox 202 5059 767 5144; baseline -0.004 -18"><span class='ocrx_word' id='word_1_341' title='bbox 202 5062 262 5144; x_wconf 91' lang='lat' dir='ltr'><strong>leg.</strong></span> <span class='ocrx_word' id='word_1_342' title='bbox 284 5081 340 5144; x_wconf 95' lang='lat' dir='ltr'><strong>pro</strong></span> <span class='ocrx_word' id='word_1_343' title='bbox 362 5061 497 5143; x_wconf 87' lang='lat' dir='ltr'><strong>publice)</strong></span> <span class='ocrx_word' id='word_1_344' title='bbox 519 5059 767 5141; x_wconf 87' lang='lat' dir='ltr'><strong>auspicarentur.</strong></span> 
     </span>
    </p>
   </div>
   <div class='ocr_carea' id='block_1_6' title="bbox 355 5157 1381 5325">
    <p class='ocr_par' dir='ltr' id='par_1_17' title="bbox 355 5157 1381 5325">
     <span class='ocr_line' id='line_1_38' title="bbox 355 5157 1381 5242; baseline -0.002 -16"><span class='ocrx_word' id='word_1_345' title='bbox 355 5163 374 5226; x_wconf 90' lang='lat'>8</span> <span class='ocrx_word' id='word_1_346' title='bbox 409 5159 534 5235; x_wconf 84' lang='lat' dir='ltr'><strong>Quintil.</strong></span> <span class='ocrx_word' id='word_1_347' title='bbox 558 5159 634 5225; x_wconf 89' lang='lat' dir='ltr'><strong>Inst.</strong></span> <span class='ocrx_word' id='word_1_348' title='bbox 658 5163 690 5241; x_wconf 94' lang='lat'><strong>8,</strong></span> <span class='ocrx_word' id='word_1_349' title='bbox 715 5161 743 5238; x_wconf 78' lang='lat'><strong>8,</strong></span> <span class='ocrx_word' id='word_1_350' title='bbox 768 5161 797 5225; x_wconf 92' lang='lat'><strong>8.</strong></span> <span class='ocrx_word' id='word_1_351' title='bbox 840 5160 1086 5227; x_wconf 87' lang='lat' dir='ltr'><strong>Tabernaculum</strong></span> <span class='ocrx_word' id='word_1_352' title='bbox 1110 5159 1200 5224; x_wconf 90' lang='lat' dir='ltr'><strong>ducis</strong></span> <span class='ocrx_word' id='word_1_353' title='bbox 1222 5157 1381 5242; x_wconf 87' lang='lat' dir='ltr'><strong>augurale.</strong></span> 
     </span>
     <span class='ocr_line' id='line_1_39' title="bbox 355 5257 674 5325; baseline 0.003 -3"><span class='ocrx_word' id='word_1_354' title='bbox 355 5259 374 5322; x_wconf 89' lang='grc'><strong>9</strong></span> <span class='ocrx_word' id='word_1_355' title='bbox 409 5257 472 5322; x_wconf 86' lang='lat' dir='ltr'><strong>Cic.</strong></span> <span class='ocrx_word' id='word_1_356' title='bbox 496 5258 556 5322; x_wconf 85' lang='lat' dir='ltr'><strong>div.</strong></span> <span class='ocrx_word' id='word_1_357' title='bbox 579 5259 674 5325; x_wconf 78' lang='lat'><strong>1120.</strong></span> 
     </span>
    </p>
   </div>
   <div class='ocr_carea' id='block_1_7' title="bbox 0 0 2470 5956">
    <p class='ocr_par' dir='ltr' id='par_1_18' title="bbox 0 0 2470 5956">
     <span class='ocr_line' id='line_1_40' title="bbox 0 0 2470 5956; baseline 0 0"><span class='ocrx_word' id='word_1_358' title='bbox 0 0 2470 5956; x_wconf 95' lang='lat' dir='ltr'><strong> </strong></span> 
     </span>
    </p>
   </div>
  </div>
 </body>
</html>
